2133 3010
1630 186 1691 224 21

246 331 362 419 DE*
390 323 673 386 LIEFDE
707 316 1026 379 HEERST
1065 313 1292 376 OVER
1331 309 1584 368 ALLES.

389 455 495 521 elyk
518 454 573 501 de
594 450 756 500 Liefde
777 448 878 496 alles
899 446 947 494 in
969 459 1144 495 weezen
1170 440 1321 499 houd,
1351 436 1492 485 heerst
1515 435 1577 500 hy
1599 434 1692 481 ool<

389 537 496 570 over
515 519 618 566 alles
643 555 657 577 ‚
697 516 759 563 als
791 531 869 579 wy
903 512 950 559 in
982 511 1058 558 het
1078 504 1351 573 voorgaande
1372 514 1479 549 reets
1499 513 1571 548 ten
1594 498 1693 545 dee-

391 586 461 634 len
484 596 637 650 gezegt
658 580 848 629 hebben.
894 578 968 626 De
990 575 1082 624 vier
1104 574 1249 640 goden
1283 568 1451 635 Jupiter
1466 604 1477 622 ,
1516 569 1693 627 Neptu-

391 670 469 698 nus
491 654 631 697 Mars
652 662 707 694 en
722 648 868 704 Pluto,
897 643 969 689 die
1001 640 1096 688 hier
1126 654 1239 704 zyne
1258 646 1552 700 zegenwagen
1575 628 1692 675 trek-
1745 627 1748 631 ’

390 713 767 775 kcn‚beteekenen
791 713 844 770 (’t
865 724 920 773 zy
943 722 1049 754 men>
1067 705 1180 752 door
1200 704 1301 750 haar
1333 699 1389 745 de
1419 696 1511 747 vier
1531 691 1692 741 hoofd-

122 784 282 834 stoflen
312 781 491 833 verstaat
524 779 614 826 ofte
649 778 725 825 iets
757 775 938 834 anders)
973 771 1045 818 dat
1078 770 1142 835 hy
1177 784 1282 816 over
1315 763 1416 813 alles
1450 757 1694 826 zegepraalt

123 850 319 897 Ovidius
340 846 510 911 spreekt'
529 844 583 891 de
606 841 766 888 Liefde
787 840 869 886 dus
879 853 959 884 aan·
980 836 1130 887 Aaou
1145 855 1156 887 z
1172 833 1248 879 lib.
1271 847 1307 878 1-.
1324 834 1426 892 eleg.
1443 841 1493 874 2..

187 915 329 962 Necte
343 928 507 958 comam
520 921 681 973 myrto:
716 919 932 951 maternas
946 918 1080 965 junge
1095 896 1328 944 columbas,

254 978 359 1043 Qi
373 977 521 1022 deceat
536 1011 547 1028 ‚
584 987 762 1019 currum
777 972 966 1015 vitricus
980 965 1060 1030 ipse
1074 963 1212 1010 dabit.

187 1048 323 1105 Inque
336 1041 435 1087 dato
448 1056 580 1086 curru
596 1075 607 1093 ‚
637 1038 781 1100 populo
795 1028 1290 1092 clamantetriumphum
1307 1062 1327 1083 ,Α

252 1106 397 1154 Stabis
413 1108 464 1156 ὠ
478 1104 703 1164 adjunctas
717 1115 812 1147 arte
825 1097 1015 1144 movebis
1027 1112 1151 1141 aves*

186 1177 419 1222 Ducentur
422 1177 606 1232 juvenes
622 1170 734 1231 capti
748 1164 1114 1228 captaquepuellae.

253 1243 356 1284 Haec
368 1236 452 1282 tibi
464 1233 715 1299 magnificus
721 1245 869 1294 pompa
883 1226 1125 1290 triumphus
1139 1227 1234 1269 erit.

185 1305 273 1367 ¹{ose
286 1321 355 1368 ego
374 1300 513 1365 prada
528 1315 668 1344 recens
684 1298 860 1358 factum
873 1292 1168 1338 modo-vulnus
1181 1287 1337 1335 habebo
1351 1307 1366 1334 .-

253 1373 315 1413 Et
328 1384 439 1412 nova
455 1368 631 1428 captiva
645 1363 827 1407 vincula
841 1358 1151 1418 menteferam,

187 1436 324 1479 Mens
338 1431 442 1477 bona
456 1430 638 1475 ducetur
652 1425 849 1472 manibus
856 1422 942 1486 post
955 1437 1076 1486 terga
1090 1421 1259 1467 retortis
1273 1454 1289 1473 ‚

253 1502 315 1542 Et
330 1495 476 1541 Pudor
490 1532 502 1548 ‚
539 1494 590 1541 &
607 1489 755 1550 castris
769 1486 985 1551 quicquid
995 1488 1152 1530 amoris
1163 1481 1286 1540 obest.

188 1563 350 1608 Omnia
366 1575 406 1606 te
420 1572 608 1605 metuent
623 1577 635 1601 .·
670 1554 728 1600 ad
742 1569 782 1599 te
786 1555 871 1614 sua
884 1549 1064 1597 brachia
1081 1547 1251 1595 tendens

254 1629 422 1690 Vulgus
436 1661 448 1679 ,
485 1628 530 1669 Io
545 1660 556 1677 ‚
592 1636 749 1685 magna
763 1635 864 1664 voce
881 1653 892 1670 ,
928 1613 1165 1677 Triumphe
1179 1622 1318 1657 canet&

188 1691 415 1738 Blanditiae
429 1692 599 1734 comites
609 1685 692 1731 tibi
705 1697 829 1730 erunt
844 1720 855 1737 ‚
872 1685 1104 1744 Errorque,
1120 1683 1338 1740 Furorque
1350 1709 1364 1728 ,

256 1754 432 1816 Affidue
439 1768 583 1815 partes
597 1749 883 1810 turbasecuta
898 1762 1020 1793 tum..

186 1823 276 1868 His
289 1834 337 1864 tu
352 1816 570 1863 militibus
575 1817 752 1876 superas
764 1813 948 1857 homines
961 1827 1044 1870 que
1056 1809 1253 1870 Deosqite
1264 1825 1279 1851 .·

254 1887 358 1930 Haec
371 1881 499 1941 tibist
508 1880 656 1925 demas
669 1875 885 1922 commoda
900 1874 1033 1920 nudus
1046 1876 1149 1918 erisf

186 1952 306 1996 Lata
322 1946 603 2010 triumphanti
617 1943 669 1989 de
673 1943 841 2004 ficmmo
854 1954 994 1986 mater
1009 1940 1185 2002 Olympo

256 2011 445 2060 Plaudet
459 2048 470 2066 ,
508 2012 560 2059 ὠ·
575 2010 769 2073 appositas
773 2008 944 2070 sparget
959 2008 1004 2050 in
1016 2021 1083 2049 ore
1098 2003 1226 2064 rosas.v

185 2079 256 2127 Tu
263 2093 419 2142 pennas
423 2092 599 2141 gemma
615 2111 626 2128 ‚
655 2088 831 2138 gemma
846 2073 1049 2115 variante
1063 2069 1227 2131 capillos
1240 2100 1254 2120 2,

253 2143 343 2189 Ibis
357 2147 402 2188 in
415 2144 582 2187 auratis
594 2155 744 2184 aureus
758 2136 836 2200 ipse
850 2138 965 2181 rotis.

186 2209 302 2256 Tum
319 2224 475 2270 quoque
489 2222 564 2251 non
570 2219 721 2269 paucos
739 2203 800 2263 (st
811 2215 850 2245 te
866 2199 973 2245 bene>
982 2195 1205 2256 novimus)
1219 2210 1336 2241 ures:

252 2275 367 2319 Tum
382 2271 784 2334 quoquepraeteriens
799 2268 980 2311 vulnera
996 2265 1135 2308 multa
1149 2259 1290 2306 dabis.

187 2341 290 2386 Non
296 2339 453 2401 possunt
468 2338 599 2397 (licet
611 2336 690 2396 ipse
703 2333 844 2393 velis)
858 2333 1007 2393 cessare
1011 2330 1193 2392 sagittae,

254 2401 448 2450 Fervida
463 2404 606 2447 vicino
608 2399 798 2461 flamma
812 2411 966 2460 vapore
979 2407 1111 2441 nocet,

185 2533 333 2585 Kmns
352 2551 433 2584 uw
454 2532 589 2581 kruin
610 2543 702 2579 met
724 2527 1067 2587 Mine-bl'adem

248 2601 366 2663 Span
387 2615 488 2649 uws
509 2598 708 2646 moeders
729 2593 888 2661 duiijes
909 2598 1093 2653 t'zaam,

249 2664 340 2714 Die
362 2663 558 2732 gestadig
577 2663 676 2713 afim
695 2677 806 2713 voor
827 2660 929 2707 afim

272 2740 277 2744 .
802 2723 847 2773 C
881 2736 911 2790 Ξ
1244 2767 1249 2773 N
1556 2708 1702 2763 Wiss'»
