2102 3015
1592 211 1694 271 329

358 357 637 415 LIEFDE
675 356 742 415 IS
779 357 948 417 VOL
976 356 1500 416 DROEFHEYD.

258 520 288 552 n
310 520 390 552 een
415 521 501 554 van
535 506 590 552 de
621 504 895 571 voo'rgaande
917 504 1245 553 Zinnebeelden
1273 505 1360 552 heb
1395 504 1441 551 ik
1477 515 1584 552 reets
1616 519 1692 570 ge-

258 583 380 634 zegt‚
410 570 482 617 dat
496 571 550 618 de
565 569 723 617 Liefde
747 572 846 617 haar
867 585 962 618 zoet
985 587 1038 618 en
1062 570 1192 618 bitter
1214 570 1297 616 had
1312 607 1326 628 ‚
1355 585 1412 616 en
1436 569 1501 616 dit
1526 569 1691 616 Zinne-

141 511 384 773 Ibeeld
409 636 704 683 vertoontdat
735 636 810 682 het
842 636 973 683 bitter
994 652 1077 683 van
1111 636 1166 682 de
1192 634 1352 681 Liefde
1375 635 1447 680 het
1467 648 1563 681 zoet
1596 650 1692 681 ver-

260 713 356 746 rete
369 700 513 748 boven
538 715 657 766 gaat:
692 700 756 747 dit
781 700 994 766 bevestigt
1004 701 1202 767 Ovidius
1214 700 1260 746 in
1283 700 1359 747 het
1379 700 1549 749 tweede
1570 697 1687 747 boek

259 780 342 813 van
355 780 468 831 zyne
479 765 809 814 Minue-kunst.

241 891 381 954 ,Quod
395 897 559 952 juvat,
592 895 800 958 extguum
816 889 874 947 es?
894 913 910 942 ,·
933 894 1033 954 plus
1046 889 1104 950 est·
1116 890 1229 954 quod
1239 888 1353 938 ladit
1362 904 1571 937 amantes.

270 961 504 1019 Proponant
527 962 668 1003 animo
691 961 832 1002 multa
848 957 1032 1016 ferenda
1048 959 1138 1017 sito.

239 1021 367 1084 ,Quot
381 1024 532 1085 lepores
545 1027 589 1067 in
604 1021 722 1067 Atho
733 1057 745 1075 ,
782 1036 882 1083 quot
893 1037 986 1084 apes
991 1022 1224 1083 pascuntur
1236 1023 1281 1066 in
1295 1018 1443 1086 Hybla
1455 1040 1478 1076 ,-

271 1090 436 1131 Caerula
451 1101 552 1148 quot
565 1092 729 1132 Βᾶσσαι
741 1085 937 1131 Palladis
957 1084 1082 1130 arbor
1095 1084 1222 1130 habet
1236 1105 1258 1138 ,-

238 1153 414 1196 Littera
429 1165 530 1213 quot
541 1150 692 1196 conchae
711 1172 730 1203 ;
764 1165 822 1195 tot
826 1153 929 1211 sunt
942 1154 985 1194 in
997 1167 1139 1193 amore
1153 1148 1311 1196 dolores

273 1213 589 1279 Qaepatimnr
597 1218 734 1261 multo
746 1217 921 1278 Spicula
923 1215 1036 1275 felle
1049 1212 1237 1258 madent.

140 1344 237 1392 Het
261 1342 295 1390 is
316 1342 400 1390 dus
418 1340 463 1389 in
474 1339 651 1389 ’tDuits
661 1340 857 1405 gebragt.

205 1469 300 1517 Des
314 1469 537 1517 Minnaers
549 1483 653 1517 vreu
658 1468 740 1534 ght
751 1466 786 1517 is
795 1465 932 1529 kleyn
943 1504 958 1527 ,
967 1480 1086 1514 maer
1096 1477 1227 1531 groot
1235 1479 1323 1526 zyn
1336 1464 1415 1530 syn
1427 1462 1688 1521 verdrieten,

207 1534 292 1599 Hy
304 1548 422 1581 moet
435 1534 528 1582 veel
542 1548 747 1599 moeyten
757 1535 871 1581 doen
884 1570 897 1588 ‚
931 1548 1002 1579 eer
1013 1532 1074 1597 hy
1089 1532 1217 1578 komt
1227 1546 1305 1577 aen
1315 1535 1346 1577 ’t
1355 1529 1570 1594 genieten.

206 1599 339 1646 Goed
354 1600 478 1647 leven
492 1615 547 1645 en
559 1600 744 1664 gemack
757 1599 853 1646 stelt
864 1598 936 1645 dat
945 1613 1027 1661 vry
1042 1609 1122 1662 uyt
1134 1613 1164 1643 u
1176 1595 1239 1642 sm
1255 1613 1266 1642 :

206 1663 296 1711 Die
308 1664 397 1711 niet
410 1677 497 1712 wat
509 1663 641 1729 lyden
655 1665 742 1712 kan
751 1680 807 1711 en
820 1662 990 1727 deught
1002 1661 1090 1707 niet
1101 1673 1166 1707 tot
1177 1661 1231 1706 de
1242 1660 1350 1706 min.

207 1729 268 1776 So
280 1728 460 1794 menigh
475 1744 653 1793 graeuw
667 1728 836 1794 Conyn
847 1728 907 1775 als
920 1726 1089 1789 hippclt
1099 1741 1158 1788 op
1170 1724 1224 1771 de
1234 1724 1416 1789 duynen
1431 1743 1445 1783 ;

206 1795 267 1841 So
279 1794 461 1858 menigh
476 1794 624 1841 bloem
636 1794 696 1841 als
706 1794 858 1858 bloeyt
867 1793 941 1839 des
956 1793 1062 1839 Som
1068 1807 1130 1837 ers
1143 1790 1187 1836 in
1199 1790 1254 1836 de
1265 1803 1433 1851 tuynen
1447 1806 1462 1848 ς

208 1859 269 1906 80
282 1858 462 1923 menigh
481 1858 628 1921 schelp
641 1858 700 1905 a1s
716 1858 805 1929 leyt
816 1870 857 1904 te
869 1858 1020 1903 Petten
1033 1871 1111 1902 aen
1121 1855 1176 1900 de
1187 1855 1278 1901 Zee
1290 1892 1304 1910 ,

208 1924 270 1971 So
286 1923 465 1988 menigh
480 1922 614 1970 swaer
626 1923 814 1971 verdnet
825 1922 858 1969 is
872 1921 918 1967 in
933 1921 1005 1967 het
1018 1935 1157 1986 vryen
1171 1935 1280 1965 mee.

206 1989 281 2036 De
294 1988 427 2052 pylen
441 2004 525 2035 van
539 1989 592 2035 de
605 1988 700 2035 min
713 1987 783 2033 die
796 1987 841 2033 in
855 2002 934 2033 ons
946 1984 1119 2032 boesem
1135 1983 1336 2031 steecken
1348 2019 1363 2038 ,

209 2052 298 2100 Die
309 2068 395 2117 zyn
408 2066 498 2100 met
507 2052 637 2100 bitter
648 2053 720 2118 gal
729 2051 814 2099 bes
805 2050 1005 2116 prenkelt
1019 2065 1072 2096 en
1083 2048 1378 2096 bestrcecken.

144 2177 223 2242 Op
238 2178 413 2227 dezelve
424 2193 551 2244 wyze
561 2178 684 2244 zingt
695 2184 974 2246 Longepierre
986 2177 1031 2225 in
1042 2193 1129 2244 zyn
1141 2193 1186 2225 2.
1199 2176 1344 2239 Idylle.

210 2305 320 2371 Qe
333 2308 540 2352 l’Amour
551 2305 610 2365 est
623 2309 743 2352 cruel
757 2310 772 2352 !
805 2306 1167 2368 comblensesplus
1178 2304 1294 2349 doux
1309 2299 1506 2366 charmes

213 2375 315 2415 Sont
329 2374 384 2415 ils
397 2370 536 2420 mblez
550 2372 744 2417 d'ennuis
758 2407 771 2425 ,
796 2374 890 2433 sont
902 2374 957 2417 ils
970 2373 1141 2433 remplis
1153 2369 1398 2413 d’allarmes
1409 2386 1432 2421 ,-

212 2439 286 2481 De
297 2435 482 2480 combien
495 2437 781 2482 d'amertume
794 2438 1095 2499 empozfinnant
1109 2436 1168 2478 les
1181 2449 1324 2478 coears

213 2503 337 2545 Nous
338 2501 434 2560 fait
447 2504 484 2546 il
495 2501 734 2563 acheterses
749 2504 993 2565 trompeufi’s
1007 2500 1204 2546 douceurs
1216 2503 1237 2543 ἓ

149 2629 216 2671 Le
232 2628 469 2691 Boulanger
493 2639 592 2692 zegt
617 2627 661 2673 in
677 2642 764 2692 zyn
780 2627 1098 2689 Reflexionssur
1122 2627 1325 2672 l'Amour
1339 2632 1423 2668 art.
1441 2628 1513 2683 75.
1527 2615 1599 2661 dat
1616 2624 1700 2664 >een

144 2723 174 2748 ,‚
204 2688 413 2739 Minnaar
433 2690 522 2740 niet
556 2692 658 2742 leeft
681 2693 742 2741 als
765 2692 1064 2806 dom-Tenkele
1085 2703 1251 2757 zugten
1271 2704 1328 2737 en
1348 2686 1420 2736 dat
1442 2697 1530 2748 zyn
1564 2674 1710 2787 gemelti

171 2777 173 2779 ,
935 2769 953 2806 ζ
1590 2779 1618 2802 ,,
