2102 3015
1539 157 1638 214 26²1
1704 153 1711 164 ¹

167 346 273 407 DE
312 346 593 403 LIEFDE
631 343 887 402 STELT
925 344 1047 401 ΟΝ
1055 343 1154 399 ΖΕ
1193 341 1571 403 WAARDY.

371 550 412 585 et
438 538 472 585 is
494 537 576 603 ligt
600 549 642 584 te
674 537 730 583 be
765 554 904 602 rypen
928 534 1001 586 det
1036 553 1145 585 onze
1167 538 1343 601 waardy
1371 536 1417 582 in
1440 535 1495 582 de
1518 532 1644 581 Lief-

371 604 426 650 de
452 619 537 652 van
560 602 615 649 de
637 601 722 649 Lie
744 604 798 649 de
817 604 912 650 zelf
924 604 974 651 af
977 604 1138 668 hangt‚
1169 603 1348 652 vermits
1364 601 1411 647 in
1433 601 1486 647 de
1510 615 1644 648 voor-

89 544 536 809 Hgaande
559 667 888 716 Zinnebeelden
908 669 948 715 al
974 669 1014 716 is
1031 667 1336 732 aangemerkt,
1367 665 1440 713 dat
1461 680 1564 712 men
1587 663 1650 711 al-

376 736 434 781 les
455 745 544 783 wat
568 748 672 779 men
705 733 876 780 bemint
899 750 1011 783 voor
1043 733 1210 780 schoon
1242 732 1426 790 aanziet‚
1471 747 1526 777 en
1550 730 1646 777 hier

374 814 458 848 van
469 799 577 844 daan
604 798 732 844 komt
756 798 854 858 het,
886 799 958 845 dat
988 799 1043 845 de
1064 815 1143 845 een
1171 797 1236 844 dit
1256 814 1312 845 en
1334 797 1388 843 de
1412 795 1544 842 ander
1575 795 1656 843 dat·

91 865 263 929 hooger
289 874 364 928 agt
387 900 400 923 ‚
451 879 528 909 om
553 863 626 915 dat
646 861 701 909 de
728 878 807 909 een
844 862 911 910 dit
933 879 989 910 cn
1014 863 1068 910 de
1094 863 1228 909 ander
1250 863 1322 909 dat
1346 860 1540 919 bemint‚
1572 860 1648 907 het

91 945 204 995 geen
227 927 491 993 menigmaal
522 926 596 974 het
630 926 790 974 minste
810 943 895 977 van
929 942 1040 975 onze
1074 927 1186 976 keur
1216 927 1406 991 afhangt
1428 925 1564 990 gelyk
1600 924 1649 971 ik

91 997 139 1043 in
171 993 227 1041 de
252 992 528 1059 voorgaande
560 991 890 1040 Zinnebeelden
922 994 1013 1040 ool<
1044 992 1132 1040 heb
1172 991 1447 1058 aangehaalt3
1481 989 1652 1037 derhal·

90 1075 180 1111 ven
199 1057 340 1122 betigt
362 1059 416 1105 de
427 1058 554 1120 Satyr
571 1056 626 1103 in
647 1057 702 1103 de
714 1057 863 1116 Pastor
877 1059 1006 1118 infido
1030 1063 1131 1105 Att.
1150 1070 1191 1124 3.
1221 1063 1294 1104 Sc.-
1312 1073 1348 1103 1.
1415 1056 1489 1102 De
1500 1055 1652 1103 Vrou-

92 1140 197 1175 wen
222 1122 317 1170 hier
341 1123 468 1171 mede
500 1121 654 1169 buiten
681 1122 812 1169 reden
835 1160 850 1182 ,
893 1140 948 1170 en
984 1123 1124 1170 moest
1157 1124 1212 1170 de
1235 1120 1395 1169 Liefde
1426 1119 1565 1166 alleen
1597 1119 1653 1165 de

93 1188 249 1238 sehuld
275 1202 497 1254 gegeeven
508 1185 786 1237 hebben-van
797 1187 873 1235 het
885 1202 1021 1251 geene
1033 1188 1098 1252 hy
1110 1187 1212 1235 haar
1239 1199 1331 1235 met
1354 1185 1481 1233 deeze
1504 1200 1673 1234 w00r--

88 1256 177 1305 den
190 1267 232 1304 te
244 1253 322 1303 last
334 1255 440 1320 legt.

745 1379 883 1441 {Alfin
895 1397 917 1426 e
931 1397 1034 1426 vero

315 1479 457 1543 chefe
469 1477 610 1526 talhor
618 1481 666 1541 fi
676 1478 808 1545 perde
821 1494 907 1525 una
923 1480 988 1540 fid
1001 1478 1124 1523 volta

313 1578 524 1638 Amorofiz
537 1590 729 1622 ventura

316 1667 369 1711 Si
383 1680 444 1710 va
449 1668 522 1727 poi
524 1666 692 1728 sbmpre
705 1662 985 1711 mendicando
1001 1661 1199 1709 indarnm

322 1763 509 1813 Merce,
547 1759 621 1804 che
634 1764 797 1820 nonfim
812 1759 955 1823 bengli
968 1758 1160 1806 hicomini
1174 1777 1329 1809 ancora
1341 1765 1359 1819 ζ
1371 1799 1375 1802 «

316 1859 443 1901 Come
441 1856 540 1914 fian
541 1854 664 1915 fiztte
676 1851 818 1916 queste
831 1853 1016 1900 humane
1026 1856 1127 1916 fere
1138 1892 1154 1911 ,

317 1946 407 1994 Che
410 1962 490 2011 per
491 1948 570 2010 fico
582 1948 719 1995 danno
731 1949 768 1994 il
777 1947 924 1995 mendo
938 1947 1112 1995 chiama
1127 1948 1270 1997 donne„
1285 1985 1288 1988 ·

317 2034 401 2078 Son
412 2035 543 2078 alcun
555 2032 607 2078 di
617 2036 680 2080 lor
693 2047 856 2080 cotanto
866 2036 1022 2084 altiere

321 2117 409 2164 Che
412 2120 459 2179 s?
472 2121 553 2179 qui
563 2120 778 2180 rinaefi-effi
786 2135 845 2164 un
856 2134 992 2164 nuovo
1006 2119 1192 2168 Adone„

324 2203 419 2250 Del
429 2203 493 2248 lor
503 2218 623 2248 amor
627 2201 806 2265 fhrebbe
807 2203 923 2266 forse
937 2217 1071 2267 apena

323 2291 510 2336 Stimato
524 2288 654 2354 degne
665 2327 678 2346 ‚
715 2291 768 2340 ὠ
782 2292 896 2336 altre

326 2380 409 2424 Son
423 2375 482 2422 ad
492 2390 620 2423 amar
623 2379 669 2439 si
667 2379 815 2442 prante
826 2415 839 2435 ‚
873 2378 949 2426 che
964 2379 1139 2441 fhvente

328 2468 523 2511 Faranno
537 2462 608 2511 del
622 2467 690 2512 lor·
698 2483 767 2511 cor
780 2464 890 2512 idolo
903 2482 961 2511 un
974 2466 1138 2525 mostro.

331 2552 614 2617 ,Digiovanil
625 2550 826 2604 bellezza
841 2554 1031 2615 alt'refim
1045 2551 1186 2620 vaghe
1200 2556 1217 2610 ,¹

804 2638 855 2706 K
869 2637 902 2706 J<
938 2650 972 2705 3⁷
1549 2641 1685 2706 Altre
1734 2626 1737 2630 r
