2179 3010
392 164 676 223 L1EFDE
703 176 913 220 Hom)
944 175 1171 220 ALLES
1202 176 1279 219 IN
1309 178 1630 231 ΨΕΕΖΕΝ,
1773 183 1807 238 9

279 249 536 298 'Aeneadum
554 250 760 293 Genetrix
774 283 785 300 ‚
822 245 1001 291 hominis
1017 283 1028 300 ,
1064 250 1327 308 Divumque
1341 249 1535 313 voluptas

280 318 421 360 Alma
435 319 576 360 Venus
591 349 602 366 ‚
643 314 738 357 coeli
742 310 893 372 subter
907 310 1097 356 labentia
1099 313 1222 374 figna
1238 349 1250 366 ‚

278 379 392 444 Qae
406 395 525 423 mare
539 380 796 440 navigerum
812 412 823 429 ‚
861 393 946 438 qua
960 390 1097 421 terras
1101 377 1431 440 frugiferenteis

276 441 550 490 Concelebras
563 464 583 495 ,-
608 456 685 503 per
698 455 739 486 te
753 445 952 502 quoniam
957 458 1092 504 genus
1119 457 1234 485 omne
1259 445 1530 489 animantum

281 507 524 569 Con'cipitur
538 542 550 561 ‚
586 509 768 567 visitque
781 520 977 551 exortum
992 507 1159 550 lumina
1163 507 1265 566 fhlis
1278 527 1299 559 ,-

279 574 346 617 Te
360 576 460 617 Dea
476 609 487 625 ,
524 585 565 615 te
567 572 752 635 fugiunt
764 575 885 615 venti
901 607 910 624 ‚
947 585 987 614 te
1000 569 1150 615 nubila
1167 573 1263 615 coeli
1277 607 1289 624 ,

277 637 622 696 Adventumque
634 650 758 680 tuum
776 657 795 688 ;
829 634 1091 696 tibisuaveis
1105 635 1296 680 Doedala
1309 638 1439 682 tellus

269 701 509 746 .Submittit
524 702 662 745 Flores
676 722 696 753 ,·
728 699 811 745 tibi
823 700 965 744 rident
979 717 1138 761 aequora
1144 705 1263 761 ponti
1276 737 1289 754 ,

276 769 596 825 Placatumque
610 769 716 809 nitet
730 764 881 824 diffufh
894 767 1055 809 lumine
1070 767 1223 809 coelum
1241 802 1252 818 ‚

235 869 236 872 ,
277 835 405 875 Nam
408 831 570 889 fimula
576 830 731 890 species
737 829 956 890 patefafba
970 828 1028 886 est·
1042 845 1176 873 verna
1191 828 1281 873 diei
1293 865 1307 883 ,

272 898 341 938 Et
355 895 537 954 reserata
552 897 672 956 viget
676 895 884 956 genitalis
897 909 1008 937 aura
1012 894 1172 953 favoni
1185 914 1205 946 ,-

273 961 324 1004 A
327 961 415 1002 ie'riae
423 962 614 1020 primum
630 961 824 1002 volucres
836 971 877 1001 te
892 994 902 1010 ‚
939 961 1069 1002 Diva
1084 994 1096 1011 ‚
1131 972 1342 1020 tuumque

271 1023 525 1086 Significant
537 1025 712 1066 initium
721 1024 908 1084 percuffie
926 1022 1051 1067 corda
1068 1036 1145 1067 tua
1163 1026 1213 1068 vi
1229 1044 1244 1068 .-

270 1086 378 1132 Inde
381 1088 482 1148 ferae
491 1086 670 1149 pecudes
675 1089 914 1149 persultant
919 1086 1084 1148 pabula
1098 1090 1191 1132 laeta
1208 1124 1220 1142 ‚

272 1156 334 1197 Et
348 1151 513 1214 rapidos
527 1165 702 1196 tranant
715 1156 853 1196 amnis
870 1173 881 1195 .·
918 1156 982 1196 ita
996 1166 1119 1214 capta
1133 1154 1265 1214 lepore
1278 1157 1295 1206 ,'

270 1216 560 1278 Illecebrisque
574 1221 661 1260 tuis
673 1220 805 1260 omni5
816 1230 975 1261 natura
988 1221 1260 1261 animantum

271 1283 335 1326 Te
341 1283 540 1342 sequitur
555 1281 703 1343 cupide
718 1319 730 1335 ,
765 1299 846 1343 quo
860 1299 1077 1342 quamque
1091 1281 1293 1326 inducere
1298 1284 1453 1346 pergis.

269 1349 470 1407 Denique
478 1361 554 1407 per
570 1349 712 1390 maria
727 1363 779 1390 ac
792 1350 966 1392 monteis
994 1384 1005 1401 ‚
1044 1347 1292 1408 fluviosque
1305 1350 1495 1409 rapaceis
1508 1382 1522 1402 ‚

270 1410 621 1471 frondiferasque
635 1409 771 1454 domos
783 1415 939 1454 avium
955 1447 966 1464 ,
1003 1413 1243 1472 camposque
1257 1415 1463 1456 virenteis
1478 1448 1490 1465 ‚

270 1473 485 1519 Omnibus
501 1477 707 1518 incutiens
722 1473 930 1519 blandum
937 1490 1014 1536 per
1021 1477 1187 1537 pestora
1200 1492 1385 1520 amorem
1401 1511 1415 1530 ,

267 1538 416 1599 Efficis
429 1553 480 1584 ut
493 1539 640 1600 cupide
643 1543 886 1602 generatim
889 1541 1012 1600 fhcla
1018 1554 1254 1604 propagent.

270 1603 383 1668 Qae
398 1607 595 1665 quoniam
611 1621 754 1648 rerum
768 1618 970 1648 naturam
975 1606 1065 1665 fhla
1071 1605 1287 1669 gubernas
1299 1625 1321 1658 ,-
1369 1656 1372 1661 ¹

270 1671 463 1727 Necfine
479 1683 519 1712 te
534 1668 776 1729 quidquam
790 1668 885 1713 dias
900 1672 943 1712 in
957 1670 1134 1713 luminis
1148 1686 1241 1714 oras

271 1736 487 1776 Exoritur
500 1753 521 1785 ,-
566 1748 698 1792 neque
699 1735 759 1791 fit
771 1735 911 1776 laetum
927 1768 938 1785 ‚
987 1751 1061 1777 nec
1076 1733 1265 1778 amabile
1283 1733 1526 1796 quidquam

269 1797 334 1840 Te
337 1798 496 1856 sociam
500 1794 652 1852 studeo
655 1794 902 1855 scribundis
917 1795 1105 1855 verfibus
1118 1799 1191 1856 effe
1205 1834 1218 1851 ,

266 1859 395 1924 Qos
408 1877 476 1923 ego
490 1858 542 1903 de
556 1876 701 1904 rerum
714 1873 873 1904 natura
880 1855 1067 1925 pangere
1080 1877 1198 1906 conor

267 1923 549 1969 Memmiadae
565 1923 693 1982 nostro
705 1944 720 1968 .-

199 1988 276 2035 De
296 1987 461 2036 Ouden
494 1987 668 2050 hebben
700 1987 835 2035 meest
865 1989 948 2036 alle
969 2027 983 2048 ‚
1038 1989 1211 2039 hoewel
1243 1990 1444 2055 zomtyds
1477 2001 1569 2040 wat
1586 1989 1797 2040 vel-schil-

200 2052 328 2099 lende
348 2091 362 2112 ‚
415 2052 506 2102 vast
537 2052 690 2117 gestelt
721 2054 794 2100 dat
823 2054 878 2100 de
912 2053 1071 2101 Liefde
1102 2055 1159 2102 de
1191 2055 1423 2121 magtigste
1456 2056 1687 2121 harts-togt
1707 2057 1795 2105 van

199 2117 281 2164 alle
303 2134 392 2166 was
424 2134 478 2164 en
510 2117 599 2163 001<
618 2117 733 2165 *alles
755 2117 801 2165 in
835 2133 1010 2167 weezen
1033 2119 1141 2169 hielt
1159 2157 1174 2180 ,
1216 2136 1334 2168 waar
1367 2137 1451 2170 van
1486 2120 1605 2170 veele
1635 2136 1794 2185 gevoe-

197 2181 291 2229 lens
325 2182 532 2248 kortelyk
558 2182 740 2231 worden
761 2183 1026 2248 voorgestelt
1060 2200 1115 2231 en
1137 2184 1380 2250 onderzogt
1412 2186 1523 2232 door
1544 2186 1764 2251 Augustin
1780 2208 1796 2232 .-

158 2294 163 2296 ,
198 2247 375 2310 lephus
397 2247 451 2293 de
476 2250 637 2293 Amore
663 2266 689 2292 a
715 2264 802 2311 cap.
838 2265 873 2294 1.
900 2249 959 2294 ad
991 2266 1056 2314 19.
1086 2265 1140 2297 en
1164 2250 1219 2296 de
1241 2249 1368 2297 laater
1389 2250 1615 2316 schryvers
1634 2266 1795 2315 gevoe-

196 2310 271 2358 len
292 2326 385 2376 nog
406 2312 479 2358 het
499 2311 651 2361 zelven
674 2330 686 2359 .-
733 2313 954 2377 Philz'ppus
978 2314 1215 2360 Beroaldus
1229 2353 1240 2369 ,
1277 2314 1376 2362 stelt
1397 2315 1451 2362 de
1473 2315 1633 2362 Liefde
1653 2316 1793 2364 onder

190 2412 224 2436 ,‚
254 2376 310 2422 de
342 2375 576 2423 menschen
607 2391 690 2424 zoo
721 2378 1068 2443 noodtzaakelijk
1090 2417 1104 2439 ,
1156 2380 1218 2427 als
1248 2395 1329 2426 een
1360 2380 1588 2428 stuurman
1620 2397 1680 2444 op
1711 2396 1793 2428 een

195 2476 224 2499 ,‚
256 2440 405 2503 schip,
435 2441 490 2488 de
521 2442 743 2507 overheyd
766 2443 813 2490 in
847 2459 925 2490 een
949 2443 1038 2490 stad
1054 2482 1068 2503 ‚
1104 2444 1148 2509 ja
1168 2445 1223 2491 de
1243 2459 1330 2491 zon
1352 2462 1463 2494 voor
1484 2445 1539 2493 de
1562 2440 1759 2495 waereld
1779 2465 1795 2505 ;

191 2540 224 2564 ,‚
256 2517 398 2564 want,
441 2518 573 2570 voegt
593 2506 718 2571 hy’er
749 2506 837 2573 by,
878 2524 955 2555 een
979 2507 1102 2573 schip
1133 2510 1297 2557 zonder
1319 2509 1547 2558 stuurman
1569 2511 1694 2573 loopt
1712 2510 1798 2558 alle

191 2598 221 2628 ‚,
251 2569 492 2634 oo'genblik
525 2585 679 2635 gevaar
702 2589 786 2621 van
812 2585 853 2620 te
875 2589 1059 2639 vergaan
1078 2612 1097 2635 „
1141 2590 1220 2622 een
1242 2574 1355 2622 stadt
1374 2575 1537 2623 zonder
1568 2575 1795 2639 overheyd

185 2668 220 2693 ‚‚
251 2633 337 2682 kan
359 2634 450 2683 niet
469 2635 640 2684 bestaan
661 2674 676 2698 ‚
717 2637 773 2686 de
804 2639 995 2752 waerle31d
1029 2639 1065 2689 is
1094 2640 1258 2703 zonder
1288 2656 1374 2694 zon
1397 2641 1444 2689 in
1475 2639 1757 2708 duysterheid
1781 2677 1796 2699 ‚

1146 2732 1148 2735 '
1673 2741 1703 2766 υ
1732 2719 1788 2752 en
